@article{btree,
  author = {{R. Bayer}},
  title = {{Symmetric Binary B-Trees Data Structure and Maintenance Algorithms}},
  journal = {{Acta Informatica 1.2}},
  pages = {{290--306}},
  year = 1972
}

@article{ubiquitous-btree,
  author = {{D. Comer}},
  title = {{The Ubiquitous B-Tree}},
  journal = {{Computing Surverys 11.2}},
  pages = {{121--137}},
  year = 1979
}

@article{hilbert-rtree,
  author = {{I. Kamel and C. Faloutsos}},
  title = {{Hilbert R-tree: An improved R-tree using fractals}},
  year = 1993
}

@article{kdb-tree,
  author = {{J. T. Robinson}},
  title = {{The KDB-tree: a search structure for large multidimensional dynamic indexes.}},
  journal = {{Proceedings of the 1981 ACM SIGMOD international conference on Management of data}},
  pages = {{10--18}},
  year = 1981
}

@article{kd-tree,
  author = {{J. L. Bentley}},
  title = {{Multidimensional Binary Search Trees Used for Associative Searching}},
  journal = {{Communications of the ACM 18.9}},
  pages = {{509--517}},
  year = 1975
}

@article{knn-curse-of-dimensionality,
  author = {{P. Indyk and R. Motwani}},
  title = {{Approximate Nearest Neighbors: Towards Removing the Curse of Dimensionality}},
  journal = {{Proceedings of the thirtieth annual ACM symposium on Theory of computing}},
  pages = {{604--613}},
  year = 1998
}

@article{pk-tree,
  author = {{W. Wang and J. Yang and R. Muntz}},
  title = {{PK-tree: a spatial index structure for high dimensional point data}},
  journal = {{Springer US}},
  pages = {{281--293}},
  year = 2000
}

@article{pk-tree-formal,
  author = {{W. Wang and J. Yang and R. Muntz}},
  title = {{PK-tree: a dynamic spatial index structure for large data sets}},
  journal = {{UCLA Computer Science Department Technical Report 970039}},
  year = 1997
}

@article{pyramid-tree,
  author = {{S. Berchtold and C. B\"{o}hm and H. Kriegal}},
  title = {{The Pyramid-Technique: Towards Breaking the Curse of Dimensionality}},
  journal = {{ACM SIGMOD Record 27.2}},
  pages = {{142--153}},
  year = 1998
}

@article{quadtreap,
  author = {{D. M. Mount and E. Park}},
  title = {{A Dynamic Data Structure for Approximate Range Searching}},
  journal = {{Proceedings of the 2010 annual symposium on Computational geometry}},
  pages = {{247--256}},
  year = 2010
}

@article{quadtree,
  author = {{H. Samet}},
  title = {{The Quadtree and Related Hierarchical Data Structures}},
  journal = {{ACM Computing Surveys (CSUR) 16.2}},
  pages = {{187--260}},
  year = 1984
}

@article{rst,
  author = {{R. Seidel and C. R. Aragon}},
  title = {{Randomized Search Trees}},
  journal = {{Algorithmica 16.4-5}},
  pages = {{464--497}},
  year = 1996
}

@article{real-time-culling-kd-tree,
  author = {{S. Coorg and S. Teller}},
  title = {{Real-Time Occlusion Culling for Models with Large Occluders}},
  journal = {{Proceedings of the 1997 symposium on Interactive 3D graphics.}},
  pages = {{83--ff}},
  year = 1997
}

@article{rsr-tree,
  author = {{A. Li and C. Zhang and J. Zhang and Z. Zhang}},
  title = {{RSR-tree: A Dynamic Multi-dimensional Index Structure}},
  journal = {{Journal of Computers 6.12}},
  pages = {{2552--2558}},
  year = 2011
}

@article{rs-tree,
  author = {{A. Li and Z. Zhang}},
  title = {{RS-tree: A dynamic index structure}},
  journal = {{Information Engineering and Computer Science}},
  pages = {{1--4}},
  year = 2009
}

@article{r-tree,
  author = {{A. Guttman}},
  title = {{R-trees: A dynamic index structure for spatial searching}},
  journal = {{ACM 14.2}},
  pages = {{47--57}},
  year = 1984
}

@article{rstar-tree,
  author = {{N. Beckmann and H. Kriegel and R. Schneider and B. Seeger}},
  title = {{The R*-tree: An Efficient and Robust Access Method for Points and Rectangles}},
  journal = {{ACM 19.2}},
  pages = {{322-331}},
  year = 1990
}

@article{r-tree-variants,
  author = {{Y. Fu and J. Teng and S. R. Subramanya}},
  title = {{Node Splitting Algorithms in Tree-Structured High-Dimensional Indexes for Similarity Search}},
  journal = {{Proceedings of the 2002 ACM symposium on Applied computing}},
  pages = {{766--770}},
  year = 2002
}

@article{skip-list,
  author = {{W. Pugh}},
  title = {{Skip Lists: A Probabilistic Alternative to Balanced Trees}},
  journal = {{Communications of the ACM 33.6}},
  pages = {{668--676}},
  year = 1900
}

@article{skip-quadtree,
  author = {{D. Eppstein and M. T. Goodrich and J. Z. Sun}},
  title = {{Skip quadtrees: Dynamic data structures for multidimensional point sets}},
  journal = {{International Journal of Computational Geometry and Applications 18.01n02}},
  pages = {{131--160}},
  year = 2008
}

@article{splay-quadtree,
  author = {{E. Park and D. M. Mount}},
  title = {{A Self-adjusting Data Structure for Multidimensional Point Sets}},
  journal = {{Algorithms–ESA 2012}},
  pages = {{778--789}},
  year = 2012
}

@article{x-tree,
  author = {{S. Berchtold and D. A. Keim and H. Kriegal}},
  title = {{The X-tree: An Index Structure for High-Dimensional Data}},
  journal = {{Readings in multimedia computing and networking}},
  year = 2001
}

@article{kd-tree-gpu,
  author = {{K. Zhou and Q. Hou and R. Wang and B. Gao}},
  title = {{Real-time KD-tree Construction on Graphics Hardware}},
  journal = {{ACM Transactions on Graphics (TOG) 27.5}},
  pages = {{126--137}},
  year = 2008
}

@article{ss-tree,
  author = {{D. A. White and R. Jain}},
  title = {{Similarity Indexing with the SS-tree}},
  journal = {{Proceedings of the Twelfth International Conference}},
  pages = {{516--523}},
  year = 1996
}

@article{rplus-tree,
  author = {{T. Sellis and N. Roussopoulous and C. Faloutos}},
  title = {{The r+-tree: A dynamic index for multi-dimensional objects}},
  year = 1987
}

@article{tv-tree,
  author = {{K. Lin and H. V. Jagadish and C. Faloutos}},
  title = {{The TV-Tree: An Index Structure for High-Dimensional Data}},
  journal = {{VLDB Journal 3}},
  pages = {{517--542}},
  year = 1994
}

@article{dimension-reduction,
  author = {{I. K. Fodor}},
  title = {{A survey of dimension reduction techniques}},
  year = 2002
}

@article{compressed-quadtree,
  author = {{S. Aluru and F. E. Sevilgen}},
  title = {{Dynamic compressed hyperoctrees with application to the N-body problem}},
  journal = {{Foundations of Software Technology and Theoretical Computer Science}},
  pages = {{21--33}},
  year = 1999
}

@article{irrelevant-dimension,
  author = {{A. Zimek and E. Schubert and H. Kriegel}},
  title = {{A survey on unsupervised outlier detection in high‐dimensional numerical data}},
  journal = {{Statistical Analysis and Data Mining 5.5}},
  pages = {{363--387}},
  year = 2012
}

@article{bkd-tree,
  author = {{O. Procopiuc and P. K. Agarwal and L. Arge and J. S. Vitter}},
  title = {{Bkd-tree: A Dynamic Scalable kd-tree}},
  journal = {{Advances in Spatial and Temporal Databases}},
  pages = {{46--65}},
  year = 2003,
  publisher = {{Springer Berlin Heidelberg}}
} 

@article{geometric-optimisation,
  author = {{P. K. Agarwal and M. Sharir}},
  title = {{Efficient Algorithms for Geometric Optimization}},
  journal = {{ ACM Computing Surveys (CSUR) 30.4}},
  pages = {{412--458}},
  year = 1908
} 

@article{bsp-tree,
  author = {{H. Fuchs and Z. M. Kedem and B. F. Naylor}},
  title = {{On visible surface generation by a priori tree structures}},
  journal = {{ACM Siggraph Computer Graphics 14.3}},
  publisher = {{ACM}},
  pages = {{124--133}},
  year = 1980
}

@article{bsp-np-hard,
  author = {{M. Berg and A. Khosravi}},
  title = {{On visible surface generation by a priori tree structures}},
  journal = {{25th European Workshop Comput. Geom (EuroCG 2008)}},
  pages = {{255--258}},
  year = 2008
}

@article{original-quadtree,
  author = {{R. A. Finkel and J. L. Bentley}},
  title = {{Quad Trees A Data Structure for Retrieval on Composite Keys}},
  journal = {{Acta Informatica 4.1}},
  pages = {{1--9}},
  year = 1974 
}

@article{lsd-tree,
  author = {{A. Henrich and H. Six and P. Widmayer}},
  title = {{The LSD tree: spatial access to multidimensional point and non point objects}},
  year = 1989 
}

@article{a-tree,
  author = {{Y. Sakurai and M. Yoshikawa and S. Uemura and H. Kojima}},
  title = {{The A-tree: An Index Structure for High-Dimensional Spaces Using Relative Approximation}},
  journal = {{VLDB 2000}},
  pages = {{5--16}},
  year = 2000
}

@article{bv-tree,
  author = {{M. Freeston}},
  title = {{A General Solution of the n-Dimensional B-tree Problem}},
  journal = {{ACM SIGMOD Record 24.2}},
  pages = {{80--91}},
  year = 1995
}

@article{fast-map,
  author = {{C. Faloutos and K. Lin}},
  title = {{FastMap: A Fast Algorithm for Indexing, Data-Mining and Visualization of Traditional and Multimedia Datasets}},
  journal = {{ACM 24.2}},
  pages = {{163--174}},
  year = 1995
}

@article{m-tree,
  author = {{P. Ciaccia and M. Patella and P. Zezula}},
  title = {{M-tree: an efficient access method for similarity search in metric spaces}},
  journal = {{Proceedings of the 23rd International Conference on Very Large Databases (VLDB)}},
  pages = {{426--435}},
  year = 1997
}

@article{va-file,
  author = {{R. Weber and H. Schek and S. Blott}},
  title = {{A quantitative analysis and performance study for similarity-search methods in high-dimensional spaces}},
  journal = {{VLDB 28}},
  pages = {{194--205}},
  year = 1998
}

@article{astrophysics-dataset,
  author = {{D. Whalen and M. L. Norman}},
  title = {{Competition Dataset and Description}},
  journal = {{2008 IEEE Visualization Design Contest (\url{http://vis.computer.org/VisWeek2008/vis/contests.html})}},
  year = 2008
}

@article{hurricane-isabel-dataset,
  author = {{W. Wang and C. Bruyere and B. Kuo and T. Scheitlin}},
  title = {{IEEE Visualization 2004 Contest: Data Set}},
  journal = {{2004 IEEE Visualization Design Contest (\url{http://sciviscontest.ieeevis.org/2004/data.html})}},
  year = 2004
}

@article{btree-gpu1,
  author = {{J. Fix and A. Wilkes and K. Skadron}},
  title = {{Accelerating Braided B+ Tree Searches on a GPU with CUDA}},
  journal = {{Proceedings of the 2nd Workshop on Applications for Multi and Many Core Processors: Analysis, Implementation, and Performance (A4MMC)}},
  year = 2011
}

@article{btree-gpu2,
  author = {{K. Kaczmarski}},
  title = {{Experimental B+-tree for GPU}},
  journal = {{ADBIS (2)}},
  year = 2011
}

@article{btree-gpu3,
  author = {{K. Kaczmarski}},
  title = {{B+-tree Optimized for GPGPU}},
  journal = {{On the Move to Meaningful Internet Systems: OTM 2012}},
  year = 2012,
  pages = {{843--854}}
}

@article{fat-btree,
  author = {{H. Yokota and Y. Kanemasa and J. Miyazaki}},
  title = {{Fat Btree: An Update Conscious Parallel Directory Structure}},
  journal = {{Data Engineering, 1999. Proceedings., 15th International Conference on. IEEE}},
  year = 1999,
  pages = {{448--457}}
}

@article{multidisk-btree,
  author = {{B. Seeger and P. Larson}},
  title = {{Multi-Disk B-trees}},
  journal = {{ACM SIGMOD Record. Vol. 20.2}},
  year = 1991,
  pages = {{436--445}}
}

@article{parallel-btree,
  author = {{S. Pramanik and M. H. Kim}},
  title = {{Parallel Processing of Large Node B-trees}},
  journal = {{Computers, IEEE Transactions on 39.9}},
  year = 1990,
  pages = {{1208--1212}}
}

@article{traversing-spatial-indexes-gpu,
  author = {{J. Kim and S. Hong and B. Nam}},
  title = {{A Performance Study of Traversing Spatial Indexing Structures in Parallel on GPU}},
  journal = {{High Performance Computing and Communication and 2012 IEEE 9th International Conference on Embedded Software and Systems (HPCC-ICESS), 2012 IEEE 14th International Conference on. IEEE}},
  year = 2012,
  pages = {{855--860}}
}

@article{master-client-rtree,
  author = {{B. Schnitzer and S. T. Leutenegger}},
  title = {{Master-client R-trees: A New Parallel R-tree Architecture}},
  journal = {{Scientific and Statistical Database Management}},
  year = 1999,
  pages = {{68--77}}
}

@article{parallel-rtree,
  author = {{I. Kamel and C. Faloutous}},
  title = {{Parallel R-trees}},
  journal = {{ACM SIGMOD 21.2}},
  year = 1992,
  pages = {{195--204}}
}

@article{rtree-gpu1,
  author = {{L. Luo and M. D. F. Wong and L. Leong}},
  title = {{Parallel Implementation of R-trees on the GPU}},
  journal = {{Design Automation Conference (ASP-DAC), 2012 17th Asia and South Pacific. IEEE}},
  year = 2012
}

@article{rtree-gpu2,
  author = {{J. Kim and S. Hong and B. Nam}},
  title = {{Parallel multi-dimensional range query processing with R-trees on GPU}},
  journal = {{Journal of Parallel and Distributed Computing 73.8}},
  year = 2013,
  pages = {{1195--1207}}
}

@article{distributed-kd-tree,
  author = {{E. Nardelli}},
  title = {{Distributed k-d Trees}},
  journal = {{Proceedings 16th Conference of Chilean Computer Science Society (SCCC’96)}},
  year = 1996,
  pages = {{142--154}}
}

@article{distributed-md-search,
  author = {{E. Nardelli and F. Barillari and M. Pepe}},
  title = {{Distributed Searching of Multi-dimensional Data: A Performance Evaluation Study}},
  journal = {{Journal of Parallel and Distributed Computing 49.1}},
  year = 1998,
  pages = {{111--134}}
}

@article{splay-tree,
  author = {{D. D. Sleator and R. E. Tarjan}},
  title = {{Self-Adjusting Binary Search Trees}},
  journal = {{Journal of the ACM (JACM) 32.3}},
  year = 1985,
  pages = {{652--686}}
}

@article{amortised-analysis,
  author = {{R. E. Tarjan}},
  title = {{Amortized Computational Complexity}},
  journal = {{SIAM Journal on Algebraic Discrete Methods 6.2}},
  year = 1985,
  pages = {{306--318}}
}

@article{mersenne-twister,
  author = {{M. Matsumoto and T. Nishimura}},
  title = {{Mersenne Twister: A 623-Dimensionally Equidistributed Uniform Pseudo-Random Number Generator}},
  journal = {{ACM Transactions on Modeling and Computer Simulation (TOMACS) 8.1}},
  year = 1998,
  pages = {{3--30}}
}

@article{flynns-taxonomy,
  author = {{M. Flynn}},
  title = {{Some Computer Organizations and their Effectiveness}},
  journal = {{Computers, IEEE Transactions on, 100(9)}},
  year = 1972,
  pages = {{948--960}}
}

@article{similarity-searching,
  author = {{P. Indyk}},
  title = {{Similarity search in high dimensions via hashing}},
  journal = {{VLDB (99)}},
  year = 1999,
  pages = {{518--529}}
}

@article{highd-nn,
  author = {{A. Gionis and P. Indyk and R. Motwani}},
  title = {{Similarity search in high dimensions via hashing}},
  year = 2004
}

@article{search-highd-analysis,
  author = {{R. Weber and H. Schek and S. Blott}},
  title = {{A Quantitative Analysis and Performance Study for Similarity-Search Methods in High-Dimensional Spaces}},
  journal = {{VLDB (98)}},
  year = 1998,
  pages = {{194--205}}
}

@article{accelerating-kdtree-nn,
  author = {{B. Merry and J. Gain and P. Marais}},
  title = {{Accelerating kd-tree searches for all k-nearest neighbours}},
  journal = {{Eurographics 2013-Short Papers}},
  year = 2013,
  pages = {{37--40}}
}

@article{kdtree-v-bdtree,
  author = {{S. P. Dandamudi and P. G. Sorenson}},
  title = {{An Empirical Performance of Some Variations of the k-d Tree and BD Tree}},
  journal = {{International Journal of Computer \& Information Sciences 14.3}},
  year = 1985,
  pages = {{135--159}}
}

@article{fair-split-tree,
  author = {{P. B. Callahan and S. R. Kosaraju}},
  title = {{Decomposition of Multidimensional Point Sets with Applications to k-Nearest-Neighbors and n-Body Potential Fields}},
  journal = {{Journal of the ACM (JACM) 42.1}},
  year = 1995,
  pages = {{67--90}}
}

@article{histograms-and-isosurfaces,
  author = {{H. Carr and B. Duffy and B. Denby}},
  title = {{On Histograms and Isosurface Statistics}},
  journal = {{Visualization and Computer Graphics, IEEE Transactions on 12.5 }},
  year = 2006,
  pages = {{1259--1266}}
}

@article{iminmax,
  author = {{B. C. Ooi and K. Tan and Cui Yu and Stephane Bressan}},
  title = {{Indexing the edges -- a simple and yet efficient approach to high-dimensional indexing.}},
  journal = {{Proceedings of the nineteenth ACM SIGMOD-SIGACT-SIGART symposium on Principles of database systems}},
  year = 2000,
  pages = {{166--174}}
}

@article{idistance,
  author = {{H. V. Jagadish and B. C. Ooi and K. Tan and C. Yui and R. Zhang}},
  title = {{iDistance: An Adaptive B+-Tree Based Indexing Method for Nearest Neighbor Search}},
  journal = {{ACM Transactions on Database Systems (TODS) 30.2}},
  year = 2005,
  pages = {{364--397}}
}

@article{sliding-midpoint-split,
  author = {{S. Maneewongvatana and D. M. Mount}},
  title = {{It’s okay to be skinny, if your friends are fat}},
  journal = {{Center for Geometric Computing 4th Annual Workshop on Computational Geometry 2}},
  year = 1999
}

@article{valgrind,
  author = {{N. Nethercote and J. Steward}},
  title = {{Valgrind: a framework for heavyweight dynamic binary instrumentation}},
  journal = {{ACM Sigplan Notices (42.6)}},
  year = 2007
}




@book{curse-of-dimensionality,
  author = {{R. E. Bellman}},
  title = {{Dynamic Programming}},
  publisher = {{Rand Corporation}},
  year = 1957
}

@book{pca,
  author = {{G. H. Dunteman}},
  title = {{Principal Components Analysis Vol. 69}},
  publisher = {{Sage}},
  year = 1998
}

@book{dynamic-data-structures,
  author = {{M. H. Overmars}},
  title = {{The Design of Dynamic Data Structures}},
  year = 1983,
}

@book{design-analysis-algorithms,
  author = {{V. V. Muniswamy}},
  title = {{Design and Analysis of Algorithms}},
  year = 2010,
  publisher = {{Pearson Education India}}
}

@book{introduction-to-algorithms,
  author = {{T. H. Cormen and C. E. Leiserson and R. L. Rivest and C. Stein}},
  title = {{Introduction to Algorithms (Third Edition)}},
  year = 2009,
  publisher = {{MIT Press}}
}

@book{md-structures-samet,
  author = {{H. Samet}},
  title = {{Foundations of Multidimensional and Metric Data Structures}},
  year = 2006,
  publisher = {{Morgan Kaufmann}}
}

@book{cpp,
  author = {{B. Stroustrup}},
  title = {{The C++ Programming Language}},
  year = 2013,
  publisher = {{Pearson Education}}
}

@book{c-lang,
  author = {{B. W. Kernighan and D. Ritchie}},
  title = {{The C Programming Language (Second Edition)}},
  year = 1988,
  publisher = {{Prentice Hall}}
}

@book{parallel-haskell,
  author = {{S. Marlow}},
  title = {{Parallel and Concurrent Programming in Haskell}},
  year = 2013,
  publisher = {{O'Reilly}}
}

@book{automated-defect-prevention,
  author = {{D> Huizinga and A. Kolawa}},
  title = {{Automated Defect Prevention: Best Practices in Software Management}},
  year = 2007,
  publisher = {{Wiley-IEEE Computer Society Press}}
}

@book{unit-test-frameworks,
  author = {{P. Hamill}},
  title = {{Unit Test Frameworks: Tools for High-Quality Software Development}},
  year = 2004,
  publisher = {{O'Reilly}}
}

@book{pragmatic-version-control,
  author = {{M. Mason}},
  title = {{Pragmatic Version Control: Using Subversion}},
  year = 2006,
  publisher = {{Pragmatic Bookshelf}}
}

@book{efficient-cpp,
  author = {{D. Bulk and D. Mayhew}},
  title = {{Efficient C++: Performance Programmning Techniques}},
  year = 2000,
  publisher = {{Addison-Wesley Professional}}
}

@book{designing-parallel-programs,
  author = {{I. Foster}},
  title = {{Designing and Building Parallel Programs}},
  year = 1995,
  publisher = {{Addison–Wesley}}
}

@book{gpu-gems-3,
  title = {{GPU Gems 3}},
  author = {{H. Nguyen}},
  year = 2007,
  publisher = {{Addison Wesley}}
}

@book{performance-tuning-gpgpu,
  title = {{Performance Analysis and Tuning for General Purpose Graphics Processing Units (GPGPU)}},
  author = {{R. Vuduc and S. Baghsorkhi}},
  year = 2012,
  publisher = {{Morgan and Claypool Publishers}}
}

@book{distributed-systems,
  title = {{Distributed Systems: Concepts and Design}},
  author = {{G. Coulouris and J. Dollimore and G. Blair}},
  year = 2011,
  publisher = {{Addison-Wesley}}
}

@book{testing-oo-systems,
  title = {{Testing Object-oriented Systems: Models, Patterns, and Tools}},
  author = {{R. V. Binder}},
  year = 2000,
  publisher = {{Addison-Wesley Professional}}
}

@book{large-sample-theory,
  title = {{A Course in Large Sample Theory}},
  author = {{T. Ferguson}},
  year = 1996,
  publisher = {{Chapman and Hall/CRC}}
}




@misc{python,
  title = {{About Python}},
  howpublished = {{\url{http://www.python.org/about/}}},
  note = {{Accessed: 2014-02-24}}
}

@misc{python-popularity,
  title = {{The RedMonk Programming Language Rankings: January 2013}},
  howpublished = {{\url{http://redmonk.com/sogrady/2013/02/28/language-rankings-1-13/}}}, 
  note = {{Accessed: 2014-02-24}}
}

@misc{cpp-hard,
  title = {{The Problem with C++}},
  howpublished = {{\url{http://www.codinghorror.com/blog/2007/01/the-problem-with-c.html}}},
  note = {{Accessed: 2014-02-24}}
}

@misc{haskell,
  title = {{The Haskell Programming Language}},
  howpublished = {{\url{http://www.haskell.org/haskellwiki/Haskell}}},
  note = {{Accessed: 2014-02-24}}
}

@misc{functional-programming-hard1,
  title = {{Why it’s so Hard for Imperative Programmers to Learn Functional Languages}},
  howpublished = {{\url{http://qftblog.wordpress.com/2007/02/14/why-its-so-hard-for-imperative-programmers-to-learn-funtional-languages/}}},
  note = {{Accessed: 2014-02-24}}
}

@misc{functional-programming-hard2,
  title = {{Why hasn't functional programming taken over yet?}},
  howpublished = {{\url{http://stackoverflow.com/questions/2835801/why-hasnt-functional-programming-taken-over-yet}}},
  note = {{Accessed: 2014-02-24}}
}

@misc{cmake,
  title = {{CMake - Cross Platform Make}},
  howpublished = {{\url{http://www.cmake.org/}}},
  note = {{Accessed: 2014-02-24}}
}

@misc{makefile,
  title = {{GNU 'Make'}},
  howpublished = {{\url{http://www.gnu.org/software/make/manual/make.html}}},
  note = {{Accessed: 2014-02-24}}
}

@misc{cppunit,
  title = {{cppunit}},
  howpublished = {{\url{http://www.freedesktop.org/wiki/Software/cppunit/}}},
  note = {{Accessed: 2014-02-24}}
}

@misc{nullunit,
  title = {{nullunit - C++ Unit Testing Framework}},
  howpublished = {{\url{http://code.google.com/p/nullunit/}}},
  note = {{Accessed: 2014-02-24}}
}

@misc{google-test,
  title = {{googletest - Google C++ Testing Framework}},
  howpublished = {{\url{https://code.google.com/p/googletest/}}},
  note = {{Accessed: 2014-02-24}}
}

@misc{git,
  title = {{Git}},
  howpublished = {{\url{http://git-scm.com/}}},
  note = {{Accessed: 2014-02-24}}
}

@misc{git-popular1,
  title = {{Eclipse Community Survey Results for 2013}},
  howpublished = {{\url{http://ianskerrett.wordpress.com/2013/06/12/eclipse-community-survey-results-for-2013/}}},
  note = {{Accessed: 2014-02-24}}
}

@misc{git-popular2,
  title = {{Compare Repositories - Ohloh}},
  howpublished = {{\url{http://www.ohloh.net/repositories/compare}}},
  note = {{Accessed: 2014-02-24}}
}

@misc{intel-vtune,
  title = {{Intel VTune Aplifier XE 2013}},
  howpublished = {{\url{http://software.intel.com/en-us/intel-vtune-amplifier-xe}}},
  note = {{Accessed: 2014-02-25}}
}

@misc{profiny,
  title = {{profiny - Lightweight C++ Profiler}},
  howpublished = {{\url{https://code.google.com/p/profiny/}}},
  note = {{Accessed: 2014-02-25}}
}

@misc{gperftools,
  title = {{gperftools - Fast, multi-threaded malloc() and nifty performance analysis tools}},
  howpublished = {{\url{http://code.google.com/p/gperftools/}}},
  note = {{Accessed: 2014-02-25}}
}

@misc{vtk,
  title = {{VTK - The Visualization Toolkit}},
  howpublished = {{\url{http://www.vtk.org/}}},
  note = {{Accessed 2014-04-03}}
}

@misc{sse,
  title = {{Using Intel(R) Streaming SIMD Extensions and Intel(R) Integrated Performance Primitives to Accelerate Algorithms}},
  howpublished = {{\url{http://software.intel.com/en-us/articles/using-intel-streaming-simd-extensions-and-intel-integrated-performance-primitives-to-accelerate-algorithms}}},
  note = {{Accessed 2014-04-04}}
}

@misc{hash-combine,
  title = {{A Hash Function for Hash Table Lookup}},
  author={{B. Jenkins}},
  howpublished= {{\url{http://burtleburtle.net/bob/hash/doobs.html}}},
  note = {{Accessed 2014-04-15}}
}

@misc{cpp-btree,
  title = {{cpp-btree -- C++ B-tree}},
  author={{P. Mattis}},
  howpublished= {{\url{https://code.google.com/p/cpp-btree/}}},
  note = {{Accessed 2014-04-16}}
}

@misc{bpt,
  title = {{Interactive B+ Tree}},
  author={{A. F. Aviram}},
  howpublished= {{\url{http://www.amittai.com/prose/bplustree.html}}},
  note = {{Accessed 2014-04-16}}
}

@misc{kdtree-remove,
  title = {{kd-Trees}},
  author={{C. Kingsford}},
  howpublished= {{\url{https://www.cs.umd.edu/class/spring2008/cmsc420/L19.kd-trees.pdf‎}}},
  note = {{Accessed 2014-04-16}}
}

@misc{armadillo-mesh,
  title = {{The Standford 3D Scanning Repository}},
  howpublished={{\url{http://www-graphics.stanford.edu/data/3Dscanrep/}}},
  note = {{Accessed 2014-04-17}}
}

@misc{c-vs-cpp1,
  title = {{C versus C++}},
  author = {{J. {\O}stergaard}},
  howpublished={{\url{http://unthought.net/c++/c_vs_c++.html}}},
  note = {{Accessed 2014-04-22}},
  year = 2004
}

@misc{c-vs-cpp2,
  title = {{When to use C over C++, and C++ over C?}},
  howpublished={{\url{http://programmers.stackexchange.com/questions/113295/when-to-use-c-over-c-and-c-over-c}}},
  note = {{Accessed 2014-04-22}},
}

@misc{clockgettime-fastest1,
  title = {{The Single UNIX (R) Specification, Version 2 -- clock\_gettime}},
  howpublished={{\url{http://pubs.opengroup.org/onlinepubs/007908799/xsh/clock_gettime.html}}},
  note = {{Accessed 2014-05-12}}
}

@misc{clockgettime-fastest2,
  title = {{Getting High Precision Timing on Android}},
  howpublished={{\url{http://gamasutra.com/view/feature/171774/getting_high_precision_timing_on_.php?print=1}}},
  note = {{Accessed 2014-05-12}}
}



@inproceedings{c-vs-cpp3,
  title = {Loop Recognition in C++/Java/Go/Scala},
  author  = {Robert Hundt},
  year  = 2011,
  URL = {https://days2011.scala-lang.org/sites/days2011/files/ws3-1-Hundt.pdf},
  booktitle = {Proceedings of Scala Days 2011}
}