@book{goossens93,
    author    = "Michel Goossens and Frank Mittlebach and Alexander Samarin",
    title     = "The {\LaTeX} Companion",
    year      = "1993",
    publisher = "Addison-Wesley",
    address   = "Reading, Massachusetts"
}

@book{KoDa04,
    author    = "Helmut Kopka and Patrick W.~Daly",
    title     = "Guide to {\LaTeX}",
    year      = "2004",
    publisher = "Addison-Wesley",
    address   = "Reading, Massachusetts"
}

@book{FYP:2001,
   author = {H. M\"{u}ller},
   publisher = {University of Leeds},
   title = "{Latex Template for Final Year Projects}",
   year = {2010}
}

@manual{LaTeX:1986,
   author = {Leslie Lamport},
   publisher = {Addison-Wesley, Reading, Massachusetts},
   title = "{{\LaTeX}: A Document Preparation System.}",
   year = {1986}
}

@unpublished{SCLISTURL,
    author="various",
    title="Digest of discussion on IEC61508",
    note="\url{http://www.cs.york.ac.uk/hise/sclist/IEC61508.html}",
    year="2001",
    month="May",
    day="3"
}

@unpublished{symbols,
    author={Scott Pakin},
    title="The comprehensive {\LaTeX} symbol list",
    note="\url{http://www.ctan.org}",
    year="2005",
    month="September",
    day="22"
}

@unpublished{project,
    author={The {\LaTeX} Project Team},
    title="{\LaTeX} --- A document preparation system",
    url="\url{http://www.latex-project.org}"
}


